11336623038251999738032311822801228822959717481047552444099445761268612024613544352175152839062079393
-10356763629688965560485761619165327076670755659699355863606800837510136604537546738779055334468294571
9097273977236962167575257897518907067104896885631483491584984461781657545266083324290675209909203540
-8824416303697958802850003893783039199813758827763890397841116012105727621582035062398573097300504636
16731476211271296766562666577037168804495149858660990806909592766689465429257380558197071746862546947
-12036422895950766892574375261913928326363750845038154443606191478448564007196959838768843099227097759
11711189515909388699774143204328389960931609354335634200668401693455007920577995751554660933536060135
-11178895595753061870984043436649939720928975653241132465018304704402290821332802118859935772283921084
10327964183050819027754674967198726937650868509594876829530087745332481352092815209465639063055593106
-8317632027834530136304826495053283311487452318459671118510348264227537955786467701433119379201546992
172336065940191740949649543864101505224073357172678415708149487148389825239713910740373641201950732
-15031055320468029897801729434594698459379684111403372372735872287517998194753854755537334192898995087
1768508548419908596289207006463445022369796175203797954916806544390270864538873078868824189372740750
-1874084544832240511418806428214760624677653860036007935246724428141260959011392386543077699176182971
6030484768310289752113694947361536704752787934938080147563210191833313778046819042516567553311880012
-11216328528672590871460560080560446110926337141092396025794869317761400138679451656041985870915503935
15342485993826511875733834371953847247724842791620446674038665051312826134978108596427474815992226651
-7745466785754998553791175174730509053135159989937482150669201786935004418754132876244841797321765527
5232324814370705976066958248177785985723689701482713316348823782527388661868257232880430161074913218
-14984534171738899683518039255007573670437531215117036773062673571846397402214740617812430252917749966
10092352747228387818557372122690031879993912040083993945367808182207912163340174624141428735491498670
-1216012970789099702448628396228312711732697407114037707918598686088809826885480285694762054769327840
9253572688294332071645016450694381264238252433478474795573664487662990334448311242519547274962951032
-11140886650620440947788400648583369926012321685341123214801882599180217507072920054640516454642505108
5465654998588408450303651442259497933561259752603815802980045670520448424342652800079166150102228865
-16930851338126850618863776866654375610136693255973150939477622823545017611980839986477643377133202342
4083997739622149948637010101549282363175529068134772337764723087686489533246700609164607245068735940
-4754601409027124342437435419377093921499930891391096993003095219443851657357479750029284384280910672
2781703415880384278584052392132035044935737780730574427494553087384033659000044464384622769200101079
-6731653905934730166827868043574436776744880691054372586201806955268483590418335853049038673232891970
9483578331046915854460546352642222579676640260022343350052797714279298533597233222208308379581052001
-1986643901587129962373242799485361887677690513194826470481591827148186113931263085592769324363297692
11410015304278372085528209789076397319634508311733041734608852043490443314902245123689964527666847922
-17422706223666315951578128623638133250304176507958243202060218800600013326740021771693712386290771654
13901813122998529930824048661045831667899428310064751088807761841623906707456557888853955192386325541
-6647696768492392644027968404242028706414072461237891755462306021379079934688097508886931245357116941
13513469552406985818798254522912346890427410991618371356196308946845658615733389002833715246616567461
-6914213550076807709721609583121714929502869446930450413302608625663238513554799504148400914928559308
341646684485912249119445032290221412470698785357798556226247740104927956320266628175980792658348161
-3316045049241923321967358509211247793303514644383174737856707461383482604530602458515663576324718511
14729453441734504955853060735000676903616824009274836965484199146601700621244234390798051140177209323
-4632243139758676325672622769477151779527642493970823787282121818862164905813862946460594855325210718
1965352527501780597165389381009868906827111513284013837561232737010882288044387158335120947036075067
-4158821673287615695004187917157752433616550403123854129220278484028703498034374158818161196535904417
6641323041012592755511801528128048127038849942370945245119840857548991121622485878018979025618898693
-2139573312784532408484393665891240282910866925914395215571482752169135877650228813580956273095657959
9376143338416542356465768438239104901331851670260535504075536953040370107233151190043077632606701840
-12994995352575369815387941974140575893413445457504377270333586124149928137288554848490488481101399818
16059816111621423193894962501841186873180049152326268385276913910199452030477811930710232731434006819
-1819446008336480788513971712526342073911762200034093130430622778949226258903885985261403863317875333
7584842044012878699763930052900245850156641206760376350102209894018012262130733190264849629162438174
-6400277077173206429734318149244792764942105847873664935769985865096519961092242770718431739521970849
2183225465327767570121504688049889868510629903683779774768185484205542578315084070124727539030228978
-1914917386804721067696538410572069845187800275281592127492955969168949551029661238033191943033856273
17413871698208807946414502079355074140520607469762275286803494859775709781235327348754395371255876692
-1179503162759520731261838782681357521773571677112757214247317672233636024350597982852643039591715209
2750913981404362992264560717607399717781468174869734079897249442419909861555913473089647160493285522
-7539860296671427735516982045707819835894996242775647288565230647435339379043977672972451077753051585
766843587475414994696330852327980538480962065078399716853594168508377658343857504454080528448258113
-346491333933296772704110790856321002453522224302194893342067872749238034937950607207310834414094908
4524919097813831353030208164533170398516734301671632829440395709258301922144859238013200667785472701
-12479906669570873860961103004539394289707760386740826893479668085900551409082191867078134511189730371
3434508209454034318053136605104154052779008066496667789155158077405938764184883399438519385053333502
-5371233787261477678669666178800080338895914661413852190614963658690540859415769766623948520785416885
15532350755068825043931193434402838609385118294307746913111702684551211411494606839185129424054528382
-13795246028809672947099009082293401441601738074870568038567265536181933801374299886324586710283957912
8041724487163759052062482983562491403819819067148851801437103091876604070988308878519840653994325524
-17253149248607494789405068378581676519927791263254512727580516208331171659923403097502023145475482161
3328656650519519001824761124424823930480122219724979203760356281341869783643310929183872785065939172
-12510413204856277918087103723855841484062605362060471472131934572244673587996084611648348773726641454
5051111246324691076718414847477578217422299285931430711525500442398572961536435077219293119448684948
-17008329629682652701882805637871192640435823065240490961558978598423449158361268033551562119367686171
8509028579183802232065051830212212629743507415892698024390453570668172710837301848829621102097720992
-6866667629867053249483257263937295225012211983937841204391518140202989419521582150735050531370198253
5097368967832802704277276089304282636450094672712844857393388627960638076509561029062188912803299005
-13599012744064061192739768311753258783510341652912997106367895891460563554718591508772861103950106640
7854583206686854105814555540376352857750934637837267654495768276162068061431669915570916742531789695
-11599892394666595867721221512550491905155343367068205212933512153046404462272290607012130579906636348
7093032031991536589791474823799796184809570115850996966532847211067925869658489583135850930540069364
-7950065419382464068274722268879633880978663890209114161841596647114076144116968657215291871103525629
9921073675212729634866700374934586667880442948154217852904280099770496911136893684539306247296428822
-572045716727428598294283148789722302093875311529278798330902301796475662215579714252561763655040816
4394056309913798408929034358705872136686136441769854285630074528237919048660919701565589244033325533
-8392294781505654936903597510205216792425517199542405203922863074123723209923674403104897310834089681
10752322154599240775536126756420204429851248990700655207217957647440308861817047425810804470413728567
-11559720018638525293418454067932856871946533457720742806989870029445526880815381076786918294482534251
14171914019351772857695980716619372859065866832011357061555333068458312567386113189090310254353425374
-10452363359870946002873583916845031890824866107322079021004160296558625211021855682253273889879483720
15031720825582331980219867908904413941009898380839911091276028673934271446992388450910898437984130016
-2433738241157879159982390657568127701470945650959797612495896299955318773270493179445006771792441694
4747897272967964708701062616975754859185439330637107618990483672332823184050477886100491526870462050
-13127837070254870329837017541158264597679659131309667430562767198117100855449184248550259263193254325
8762151826113512785643221426575406748055144993883689735742516591636845616835274953602790660287517905
-7804234904634024711863024436612136651117405947609120876502001773156726368652976556120586468980728308
15874219224313104669123970977175868911797972475286801618359807715048495829846244957732849593543346323
-16591298236366893700082662368880149601414943600740657186329525539672784572109364712976028801202079717
2601234910150301224001999461143192305372669637449687192488549280368527499031086339199857320886205429
-13395646206408102734229612181736131252312502022968527928515804765263258107972202404466389919037504979
4084760521748433062789511277681848041206608459549987235445066449311284471164329979486577648034859379
-1002636438595857820245017772319171659081410045240122191052574905081346833060516774430577031371162745
